112100049901004948142508272508292000000001047029783XAVIER BONET VIURA
22    9792250827250827040021000000000010000000000000000000000000308384072517
2303        regal Marta
2305GIL;GASSO ROVIRA
22    9792250829250829040021000000000004000000000000000000000000528605897440
2303        Bizum de Xavier
2305Llibert;Bonet Colom
22    9792250829250829040021000000000004000000000000000000000000735968576059
2303        Bizum de Xavier
2305Llibert;Bonet Colom
22    9792250829250829040021000000000004000000000000000000000000350198662435
2303        Bizum de Xavier
2305Llibert;Bonet Colom
22    9792250829250829040021000000000006000000000000000000000000502878202560
2303        Bizum de Xavier
2305Llibert;Bonet Colom
22    9792250829250829040021000000000010000000000000000000000000369876735145
2303        Bizum de Xavier
2305Llibert;Bonet Colom
3321000499010049481400006000000000038000000000000000000000200000000100902978
88999999999999999999000020
