112100049901004948142508182508292000000001582639783XAVIER BONET VIURA
22    97362508182508181204010000000000609800000000000000000000004766642612737143
2301                                      XARCUTERIES ARROY
230504000022SIO                           COMPRA AMB TARGETA
22    9792250821250821020022000000000055660000000000000000000000792772989716
2301ISABEL;BONET;VIURA
2303        Graaaaaacies
2305Javier;Bonet;Viura
22    0569250822250822030051000000000010060000000000000000000000E00020710391
2301COREEndesa Energia SAU
2302ES88170A81948077                   E00020710391873200030002
2303        P-144869876
2305250819231646244539                 XAVIER BONET VIURA
22    9792250822250822020022000000000056000000000000000000000000522035465155
2301MONTSERRAT;BONET VIURA
2303        Bizum de Montserrat
2305Javier;Bonet;Viura
22    97362508232508231204010000000001048000000000000000000000004766642612737143
2301                                      FONDA EL RECO 179
230504000022SIO                           COMPRA AMB TARGETA
22    9736250824250824120401000000000009990000000000000000000000961214692900362
2301Fecha de operación: 17-08-2025        GOOGLE*GOOGLE PLA
230504000174TCR                           TARGETA CREDIT
22    9736250824250824120401000000000015000000000000000000000000961214692900362
2301Fecha de operación: 20-08-2025        BRINO VIL6
230504000174TCR                           TARGETA CREDIT
22    9736250824250824120401000000000017550000000000000000000000961214692900362
2301Fecha de operación: 21-08-2025        XARCUTERIES ARROY
230504000174TCR                           TARGETA CREDIT
22    9736250824250824120401000000000020800000000000000000000000961214692900362
2301Fecha de operación: 16-08-2025        ABACUS VIC CENTRE
230504000174TCR                           TARGETA CREDIT
22    9736250824250824120401000000000026000000000000000000000000961214692900362
2301Fecha de operación: 19-08-2025        BISUMON
230504000174TCR                           TARGETA CREDIT
22    9736250824250824120401000000000033000000000000000000000000961214692900362
2301Fecha de operación: 20-08-2025        BRINO VIL6
230504000174TCR                           TARGETA CREDIT
22    9736250824250824120401000000000041590000000000000000000000961214692900362
2301Fecha de operación: 16-08-2025        CARNISSERIA I CAN
230504000174TCR                           TARGETA CREDIT
22    9736250824250824120401000000000057500000000000000000000000961214692900362
2301Fecha de operación: 16-08-2025        MAS DE LA ROVIRA
230504000174TCR                           TARGETA CREDIT
22    563925082625082611040100000000025000000000000000000000000002476573FB99C1CC
2301                                      REINT.CAIXER
230504000001TOC                           REINT.CAIXER
22    9792250827250827040021000000000010000000000000000000000000308384072517
2303        regal Marta
2305GIL;GASSO ROVIRA
22    9792250829250829040021000000000004000000000000000000000000528605897440
2303        Bizum de Xavier
2305Llibert;Bonet Colom
22    9792250829250829040021000000000004000000000000000000000000735968576059
2303        Bizum de Xavier
2305Llibert;Bonet Colom
3321000499010049481400015000000000665270000200000000011166200000000102902978
88999999999999999999000057
